% Encoding: UTF-8

@Book{Freund2014,
  title     = {Praxishandbuch BPMN 2.0},
  publisher = {Carl Hanser Verlag GmbH Co. KG},
  year      = {2014},
  author    = {Freund, Jakob AND Rücker, Bernd},
  address   = {München, Wien},
}

@Book{Becker2009,
  title     = {Geschäftsprozessmanagement},
  publisher = {Springer-Verlag},
  year      = {2009},
  author    = {Becker, Jörg AND Mathas, Christoph AND Winkelmann, Axel},
  address   = {Berlin, Heidelberg, New York},
}

@Book{Jacka2009,
  title     = {Business Process Mapping - Improving Customer Satisfaction},
  publisher = {John Wiley \& Sons},
  year      = {2009},
  author    = {Jacka, J. Mike AND Keller, Paulette J.},
  address   = {New York},
}

@Misc{Appian,
  author       = {Appian},
  title        = {Process Mapping Versus Process Modeling},
  howpublished = {URL: \url{https://www.appian.com/bpm/process-mapping-versus-process-modeling/} (Abruf vom 26.01.2018)},
  year         = {o.D.},
}

@Misc{Smartdraw,
  author       = {Smartdraw},
  title        = {Business Process Map},
  howpublished = {URL: \url{https://www.smartdraw.com/business-process-mapping/} (Abruf vom 23.01.2018)},
  year         = {o.D.},
}

@Book{Eabpm2009,
  title     = {Business Process Management Common Body of Knowledge - BPM CBOK},
  publisher = {Schmidt},
  year      = {2009},
  author    = {{European Association of BPM}},
}

@Book{Brocke2014,
  title     = {Handbook on Business Process Management 1 - Introduction, Methods, and Information Systems},
  publisher = {Springer-Verlag},
  year      = {2014},
  author    = {Brocke, Jan vom AND Rosemann, Michael},
  address   = {Berlin, Heidelberg},
}

@Book{Kossak2014,
  title     = {A Rigorous Semantics for BPMN 2.0 Process Diagrams},
  publisher = {Springer},
  year      = {2014},
  author    = {Kossak, Felix AND Illibauer, Christa AND Geist, Verena AND Kubovy, Jan AND Natschläger, Christine AND Ziebermayr, Thomas AND Kopetzky, Theodorich AND Freudenthaler, Bernhard AND Schewe, Klaus-Dieter},
  address   = {Berlin, Heidelberg},
}

@Standard{OMG2011,
  title        = {Business Process Model and Notation (BPMN) - Version 2.0},
  organization = {{Object Management Group}},
  institution  = {Version 2.0},
  author       = {{Object Management Group}},
  howpublished = {URL: \url{http://www.omg.org/spec/BPMN/2.0} (Abruf vom 27.01.2018)},
  number       = {formal/2011-01-03},
  revision     = {Version 2.0},
  year         = {2011},
}

@Book{Laliwala2014,
  title     = {Activiti 5.x Business Process Management Beginner's Guide - A practical guide to designing and developing BPMN-based business procsesses},
  publisher = {Packt Publishing Ltd},
  year      = {2014},
  author    = {Laliwala, Dr. Zakir AND Mansuri, Irshad},
  address   = {Birmingham},
}

@Standard{OMG2010,
  title        = {BPMN 2.0 by Example},
  organization = {{Object Management Group}},
  institution  = {Version 1.0},
  author       = {{Object Management Group}},
  howpublished = {URL: \url{http://www.omg.org/spec/BPMN/2.0} (Abruf vom 27.01.2018)},
  number       = {dtc/2010-06-02},
  revision     = {Version 1.0},
  year         = {2010},
}

@Comment{jabref-meta: databaseType:bibtex;}
